<record><leader>00000cas a22000007a 4500</leader><controlfield tag="001">13211080</controlfield><controlfield tag="008">860228c19839999idudn ne      0   a0eng d</controlfield><datafield ind1=" " ind2=" " tag="010"><subfield code="a">sn 86091200 </subfield></datafield><datafield ind1=" " ind2=" " tag="040"><subfield code="a">UNP</subfield><subfield code="b">eng</subfield><subfield code="c">UNP</subfield><subfield code="d">DLC</subfield><subfield code="d">NSD</subfield><subfield code="d">NVB</subfield><subfield code="d">OCLCQ</subfield><subfield code="d">ONB</subfield><subfield code="d">OCLCO</subfield><subfield code="d">OCLCF</subfield></datafield><datafield ind1=" " ind2=" " tag="012"><subfield code="l">1</subfield><subfield code="m">y</subfield></datafield><datafield ind1="1" ind2=" " tag="022"><subfield code="a">0893-3812</subfield><subfield code="l">0893-3812</subfield><subfield code="y">0745-712X</subfield><subfield code="2">1</subfield></datafield><datafield ind1=" " ind2=" " tag="032"><subfield code="a">057480</subfield><subfield code="b">USPS</subfield></datafield><datafield ind1=" " ind2=" " tag="037"><subfield code="b">The Morning News, P.O. Box 70, Blackfoot, ID 83221</subfield></datafield><datafield ind1=" " ind2=" " tag="042"><subfield code="a">msc</subfield><subfield code="a">nsdp</subfield></datafield><datafield ind1=" " ind2="4" tag="050"><subfield code="a">AN2.I2</subfield><subfield code="b">M67</subfield></datafield><datafield ind1="0" ind2=" " tag="130"><subfield code="a">Morning news (Blackfoot, Idaho)</subfield></datafield><datafield ind1=" " ind2="4" tag="222"><subfield code="a">The Morning news</subfield><subfield code="b">(Blackfoot, Idaho)</subfield></datafield><datafield ind1="0" ind2="4" tag="245"><subfield code="a">The morning news.</subfield></datafield><datafield ind1=" " ind2=" " tag="260"><subfield code="a">Blackfoot, Idaho :</subfield><subfield code="b">D.R. Brown,</subfield></datafield><datafield ind1=" " ind2=" " tag="300"><subfield code="a">v.</subfield></datafield><datafield ind1=" " ind2=" " tag="310"><subfield code="a">Daily (except Sun.)</subfield></datafield><datafield ind1="0" ind2=" " tag="362"><subfield code="a">Vol. 82, no. 155 (Apr. 1, 1983)-</subfield></datafield><datafield ind1=" " ind2=" " tag="500"><subfield code="a">Published by: Gloucester Suburban Papers, Inc., &lt;Mar. 28, 1987-&gt;</subfield></datafield><datafield ind1=" " ind2="0" tag="651"><subfield code="a">Blackfoot (Idaho)</subfield><subfield code="x">Newspapers.</subfield></datafield><datafield ind1=" " ind2="7" tag="655"><subfield code="a">Newspapers.</subfield><subfield code="2">fast</subfield><subfield code="0">(OCoLC)fst01423814</subfield></datafield><datafield ind1=" " ind2="7" tag="651"><subfield code="a">Idaho</subfield><subfield code="z">Blackfoot.</subfield><subfield code="2">fast</subfield><subfield code="0">(OCoLC)fst01230546</subfield></datafield><datafield ind1=" " ind2=" " tag="752"><subfield code="a">United States</subfield><subfield code="b">Idaho</subfield><subfield code="c">Bingham</subfield><subfield code="d">Blackfoot.</subfield></datafield><datafield ind1="0" ind2="0" tag="780"><subfield code="t">Morning news of Southeastern Idaho</subfield><subfield code="x">0745-712X</subfield><subfield code="w">(DLC)sn 83007394</subfield><subfield code="w">(OCoLC)9395210</subfield></datafield><datafield ind1=" " ind2=" " tag="936"><subfield code="a">Vol. 87, no. 187 (Thursday, May 7, 1987) LIC</subfield></datafield></record>